<?xml version="1.0" encoding="UTF-8"?>
  <record xmlns="http://www.loc.gov/MARC21/slim" type="Authority">
    <leader>00000nz  a2200000nc 4500</leader>
    <controlfield tag="001">104253916</controlfield>
    <controlfield tag="003">DE-101</controlfield>
    <controlfield tag="005">20220502090102.0</controlfield>
    <controlfield tag="008">960828n||aznnnaabn           | aaa    |c</controlfield>
    <datafield tag="024" ind1="7" ind2=" ">
      <subfield code="a">104253916</subfield>
      <subfield code="0">http://d-nb.info/gnd/104253916</subfield>
      <subfield code="2">gnd</subfield>
    </datafield>
    <datafield tag="035" ind1=" " ind2=" ">
      <subfield code="a">(DE-101)104253916</subfield>
    </datafield>
    <datafield tag="035" ind1=" " ind2=" ">
      <subfield code="a">(DE-588)104253916</subfield>
    </datafield>
    <datafield tag="035" ind1=" " ind2=" ">
      <subfield code="z">(DE-588a)104253916</subfield>
      <subfield code="9">v:zg</subfield>
    </datafield>
    <datafield tag="040" ind1=" " ind2=" ">
      <subfield code="a">DE-12</subfield>
      <subfield code="c">DE-12</subfield>
      <subfield code="9">r:DE-12</subfield>
      <subfield code="b">ger</subfield>
      <subfield code="d">2214</subfield>
    </datafield>
    <datafield tag="042" ind1=" " ind2=" ">
      <subfield code="a">gnd1</subfield>
    </datafield>
    <datafield tag="043" ind1=" " ind2=" ">
      <subfield code="c">XA-DE</subfield>
    </datafield>
    <datafield tag="075" ind1=" " ind2=" ">
      <subfield code="b">p</subfield>
      <subfield code="2">gndgen</subfield>
    </datafield>
    <datafield tag="075" ind1=" " ind2=" ">
      <subfield code="b">piz</subfield>
      <subfield code="2">gndspec</subfield>
    </datafield>
    <datafield tag="079" ind1=" " ind2=" ">
      <subfield code="a">g</subfield>
      <subfield code="q">a</subfield>
      <subfield code="q">f</subfield>
      <subfield code="u">v</subfield>
    </datafield>
    <datafield tag="100" ind1="0" ind2=" ">
      <subfield code="a">Magdalene</subfield>
      <subfield code="c">Reuß-Gera, Gräfin, 1580-1652</subfield>
      <subfield code="d">1580-1652</subfield>
    </datafield>
    <datafield tag="400" ind1="0" ind2=" ">
      <subfield code="a">Magdalena</subfield>
      <subfield code="c">Reuß-Gera, Gräfin, 1580-1652</subfield>
      <subfield code="d">1580-1652</subfield>
    </datafield>
    <datafield tag="400" ind1="0" ind2=" ">
      <subfield code="a">Magdalene</subfield>
      <subfield code="c">Reuß-Gera, Gräfin</subfield>
      <subfield code="d">1580-1652</subfield>
    </datafield>
    <datafield tag="400" ind1="0" ind2=" ">
      <subfield code="a">Magdalena</subfield>
      <subfield code="c">Reuß-Gera, Gräfin</subfield>
      <subfield code="d">1580-1652</subfield>
    </datafield>
    <datafield tag="400" ind1="0" ind2=" ">
      <subfield code="a">Magdalene</subfield>
      <subfield code="c">Reuß-Gera</subfield>
      <subfield code="d">1580-1652</subfield>
    </datafield>
    <datafield tag="400" ind1="0" ind2=" ">
      <subfield code="a">Magdalena</subfield>
      <subfield code="c">Reuß-Gera</subfield>
      <subfield code="d">1580-1652</subfield>
    </datafield>
    <datafield tag="400" ind1="0" ind2=" ">
      <subfield code="a">Magdalene</subfield>
      <subfield code="c">Schwarzburg-Rudolstadt, Gräfin</subfield>
      <subfield code="d">1580-1652</subfield>
      <subfield code="4">nafr</subfield>
      <subfield code="4">https://d-nb.info/standards/elementset/gnd#EarlierNameOfThePerson</subfield>
      <subfield code="w">r</subfield>
      <subfield code="i">Frueherer Name</subfield>
      <subfield code="e">Frueherer Name</subfield>
    </datafield>
    <datafield tag="400" ind1="0" ind2=" ">
      <subfield code="a">Magdalena</subfield>
      <subfield code="c">Schwarzburg-Rudolstadt, Gräfin</subfield>
      <subfield code="d">1580-1652</subfield>
    </datafield>
    <datafield tag="400" ind1="1" ind2=" ">
      <subfield code="a">Reußin von Plauen, Magdalene</subfield>
      <subfield code="d">1580-1652</subfield>
    </datafield>
    <datafield tag="400" ind1="0" ind2=" ">
      <subfield code="a">Magdalene</subfield>
      <subfield code="c">Schwarzburg-Hohenstein, Gräfin</subfield>
      <subfield code="d">1580-1652</subfield>
    </datafield>
    <datafield tag="400" ind1="1" ind2=" ">
      <subfield code="a">Greiz, Magdalene &#152;zu&#156;</subfield>
      <subfield code="d">1580-1652</subfield>
    </datafield>
    <datafield tag="400" ind1="1" ind2=" ">
      <subfield code="a">Kranichfeld, Magdalene &#152;zu&#156;</subfield>
      <subfield code="d">1580-1652</subfield>
    </datafield>
    <datafield tag="400" ind1="1" ind2=" ">
      <subfield code="a">Gera, Magdalene &#152;zu&#156;</subfield>
      <subfield code="d">1580-1652</subfield>
    </datafield>
    <datafield tag="400" ind1="1" ind2=" ">
      <subfield code="a">Schleiz, Magdalene &#152;zu&#156;</subfield>
      <subfield code="d">1580-1652</subfield>
    </datafield>
    <datafield tag="400" ind1="1" ind2=" ">
      <subfield code="a">Lobenstein, Magdalene &#152;zu&#156;</subfield>
      <subfield code="d">1580-1652</subfield>
    </datafield>
    <datafield tag="400" ind1="0" ind2=" ">
      <subfield code="a">Dorothea Magdalena</subfield>
      <subfield code="c">Reuß-Gera, Gräfin</subfield>
      <subfield code="d">1580-1652</subfield>
    </datafield>
    <datafield tag="400" ind1="0" ind2=" ">
      <subfield code="a">Magdalena</subfield>
      <subfield code="c">Schwarzburg-Hohenstein, Gräfin</subfield>
      <subfield code="d">1580-1652</subfield>
    </datafield>
    <datafield tag="500" ind1="0" ind2=" ">
      <subfield code="0">(DE-101)121435601</subfield>
      <subfield code="0">(DE-588)121435601</subfield>
      <subfield code="0">https://d-nb.info/gnd/121435601</subfield>
      <subfield code="a">Albrecht</subfield>
      <subfield code="b">VII.</subfield>
      <subfield code="c">Schwarzburg-Rudolstadt, Graf</subfield>
      <subfield code="d">1537-1605</subfield>
      <subfield code="4">bezf</subfield>
      <subfield code="4">https://d-nb.info/standards/elementset/gnd#familialRelationship</subfield>
      <subfield code="w">r</subfield>
      <subfield code="i">Beziehung familiaer</subfield>
      <subfield code="e">Beziehung familiaer</subfield>
      <subfield code="9">v:Vater</subfield>
    </datafield>
    <datafield tag="500" ind1="0" ind2=" ">
      <subfield code="0">(DE-101)104254173</subfield>
      <subfield code="0">(DE-588)104254173</subfield>
      <subfield code="0">https://d-nb.info/gnd/104254173</subfield>
      <subfield code="a">Heinrich</subfield>
      <subfield code="c">Reuß-Gera</subfield>
      <subfield code="d">1572-1635</subfield>
      <subfield code="4">bezf</subfield>
      <subfield code="4">https://d-nb.info/standards/elementset/gnd#familialRelationship</subfield>
      <subfield code="w">r</subfield>
      <subfield code="i">Beziehung familiaer</subfield>
      <subfield code="e">Beziehung familiaer</subfield>
      <subfield code="9">v:Ehemann</subfield>
    </datafield>
    <datafield tag="548" ind1=" " ind2=" ">
      <subfield code="a">1580-1652</subfield>
      <subfield code="4">datl</subfield>
      <subfield code="4">https://d-nb.info/standards/elementset/gnd#dateOfBirthAndDeath</subfield>
      <subfield code="w">r</subfield>
      <subfield code="i">Lebensdaten</subfield>
    </datafield>
    <datafield tag="548" ind1=" " ind2=" ">
      <subfield code="a">12.04.1580-22.04.1652</subfield>
      <subfield code="4">datx</subfield>
      <subfield code="4">https://d-nb.info/standards/elementset/gnd#dateOfBirthAndDeath</subfield>
      <subfield code="w">r</subfield>
      <subfield code="i">Exakte Lebensdaten</subfield>
    </datafield>
    <datafield tag="551" ind1=" " ind2=" ">
      <subfield code="0">(DE-101)041050665</subfield>
      <subfield code="0">(DE-588)4105066-6</subfield>
      <subfield code="0">https://d-nb.info/gnd/4105066-6</subfield>
      <subfield code="a">Rudolstadt</subfield>
      <subfield code="4">ortg</subfield>
      <subfield code="4">https://d-nb.info/standards/elementset/gnd#placeOfBirth</subfield>
      <subfield code="w">r</subfield>
      <subfield code="i">Geburtsort</subfield>
    </datafield>
    <datafield tag="551" ind1=" " ind2=" ">
      <subfield code="0">(DE-101)04020295X</subfield>
      <subfield code="0">(DE-588)4020295-1</subfield>
      <subfield code="0">https://d-nb.info/gnd/4020295-1</subfield>
      <subfield code="a">Gera</subfield>
      <subfield code="4">orts</subfield>
      <subfield code="4">https://d-nb.info/standards/elementset/gnd#placeOfDeath</subfield>
      <subfield code="w">r</subfield>
      <subfield code="i">Sterbeort</subfield>
    </datafield>
    <datafield tag="667" ind1=" " ind2=" ">
      <subfield code="a">VD-17</subfield>
    </datafield>
    <datafield tag="670" ind1=" " ind2=" ">
      <subfield code="a">Europ. Stammtaf., 169</subfield>
    </datafield>
    <datafield tag="670" ind1=" " ind2=" ">
      <subfield code="a">Stammliste Reuss</subfield>
    </datafield>
    <datafield tag="678" ind1=" " ind2=" ">
      <subfield code="b">Tochter von Graf Albrecht VII. von Schwarzburg-Rudolstadt; ab 1597 zweite Ehefrau von Heinrich Posthumus von Reuß-Gera</subfield>
    </datafield>
    <datafield tag="913" ind1=" " ind2=" ">
      <subfield code="S">pnd</subfield>
      <subfield code="i">5</subfield>
      <subfield code="a">Magdalene &lt;Reuß-Gera, Gräfin, 1580-1652&gt;</subfield>
      <subfield code="0">(DE-588a)104253916</subfield>
    </datafield>
  </record>
